@book{womak:lean-thinking,
    author = {James P. Womack, Daniel T. Jones},
    title = {Lean Thinking, Second Editon},
    publisher = {Simon \& Schuster, Inc.},
    year = {2010}
}

@article{article:spooky,
  author = {Edward J. Hu, Yelong Shen, Phillip Wallis, Zeyuan Allen-Zhu, Yuanzhi Li, Shean Wang, Lu Wang, Weizhu Chen},
  title = {LoRA: Low-Rank Adaptation of Large Language Models},
  journal = {arXiv},
  volume = {47},
  number = {10},
  pages = {777-780},
  year = {1935},
  doi = {10.1103/PhysRev.47.777},
}

@online{site:agile-manifesto,
    title = {Manifesto Agile},
    url = {http://agilemanifesto.org/iso/it/}
}


@online{site:LLM,
    title = {Large language model - Wikipedia},
    url = {https://en.wikipedia.org/wiki/Large_language_model#:~:text=A%20large%20language%20model%20(LLM,processing%20tasks%20such%20as%20classification.}
}

